@article{krippendorff2007computing,
  title={Computing Krippendorff's alpha reliability},
  author={Krippendorff, Klaus},
  journal={Departmental papers (ASC)},
  pages={43},
  year={2007}
}

@article{hayes2007answering,
  title={Answering the call for a standard reliability measure for coding data},
  author={Hayes, Andrew F and Krippendorff, Klaus},
  journal={Communication methods and measures},
  volume={1},
  number={1},
  pages={77--89},
  year={2007},
  publisher={Taylor \& Francis}
}
